@unpublished{bilateral_filtering,
    author = "Paris, Sylvian and Kornpobst, Pierre and Tumblin, Jack and Durand, Fredo",
    title = "A Gentle Introduction to Bilateral Filtering and its Applications"
}
